<marc:collection xmlns:marc="http://www.loc.gov/MARC21/slim" xmlns:xsi="http://www.w3.org/2001/XMLSchema-instance" xsi:schemaLocation="http://www.loc.gov/MARC21/slim http://www.loc.gov/standards/marcxml/schema/MARC21slim.xsd">
    <marc:record type="Bibliographic">
        <marc:leader>02059cem a22003253a 4500</marc:leader>
        <marc:controlfield tag="001">6844261</marc:controlfield>
        <marc:controlfield tag="005">20141202103512.0</marc:controlfield>
        <marc:controlfield tag="008">110422s1953    xx g   cu a  o  0   eng d</marc:controlfield>
        <marc:datafield tag="034" ind1="1" ind2=" ">
            <marc:subfield code="a">a</marc:subfield>
            <marc:subfield code="b">24000</marc:subfield>
            <marc:subfield code="d">-74.125</marc:subfield>
            <marc:subfield code="e">-74</marc:subfield>
            <marc:subfield code="f">39.875</marc:subfield>
            <marc:subfield code="g">39.75</marc:subfield>
        </marc:datafield>
        <marc:datafield tag="035" ind1=" " ind2=" ">
            <marc:subfield code="a">(NjP Geomap) 77694</marc:subfield>
        </marc:datafield>
        <marc:datafield tag="040" ind1=" " ind2=" ">
            <marc:subfield code="c">NjP</marc:subfield>
        </marc:datafield>
        <marc:datafield tag="041" ind1="0" ind2=" ">
            <marc:subfield code="a">eng</marc:subfield>
        </marc:datafield>
        <marc:datafield tag="245" ind1="0" ind2="0">
            <marc:subfield code="a">Barnegat Light Quadrangle, New Jersey - Ocean County. 7.5 minute series (topographic)</marc:subfield>
            <marc:subfield code="h">[cartographic material].</marc:subfield>
        </marc:datafield>
        <marc:datafield tag="250" ind1=" " ind2=" ">
            <marc:subfield code="a">Reprinted 1964</marc:subfield>
        </marc:datafield>
        <marc:datafield tag="255" ind1=" " ind2=" ">
            <marc:subfield code="a">Scale 1:24,000</marc:subfield>
            <marc:subfield code="b"> Polyconic proj.</marc:subfield>
            <marc:subfield code="c">(W 74°7ʹ--W 74°0ʹ/N 39°52ʹ--N 39°45ʹ)</marc:subfield>
        </marc:datafield>
        <marc:datafield tag="260" ind1=" " ind2=" ">
            <marc:subfield code="a">[Reston, Va.] : </marc:subfield>
            <marc:subfield code="b">U.S. Geological Survey, </marc:subfield>
            <marc:subfield code="c">1953.</marc:subfield>
        </marc:datafield>
        <marc:datafield tag="500" ind1=" " ind2=" ">
            <marc:subfield code="a">U.S.G.S. 7.5 minute series (topographic)</marc:subfield>
        </marc:datafield>
        <marc:datafield tag="500" ind1=" " ind2=" ">
            <marc:subfield code="a">North Decimal Degree 39.750000.</marc:subfield>
        </marc:datafield>
        <marc:datafield tag="500" ind1=" " ind2=" ">
            <marc:subfield code="a">South Decimal Degree 39.875000.</marc:subfield>
        </marc:datafield>
        <marc:datafield tag="500" ind1=" " ind2=" ">
            <marc:subfield code="a">East Decimal Degree -74.000000.</marc:subfield>
        </marc:datafield>
        <marc:datafield tag="500" ind1=" " ind2=" ">
            <marc:subfield code="a">West Decimal Degree -74.125000.</marc:subfield>
        </marc:datafield>
        <marc:datafield tag="500" ind1=" " ind2=" ">
            <marc:subfield code="a">Alternate title: Barnegat Light, NJ. Polyconic projection. Universal transverse Mercator grid is shown. Relief shown by 10 feet contour interval and spot heights. Depth is shown by contour interval and sounding in feet - datum is mean low water. Shoreline shown represents the approximate line of mean high water. The mean range of tide is 1 foot in inland water and 3 feet along the ocean. "Mapped by the U.S. Coast Guard and Geodetic Survey; edited and published by the United States Geological Survey. Control by USC&amp;GS. Culture and drainage in part compiled from aerial photographs taken 1951. Topography by plane-table surveys 1951. Field check 1953. Hydrography from USC&amp;GS charts 825 (1953) and 1216 (1940) and surveys dated 1935, 1936, and 1937." "AMS 6163 I SE - Series V822." Map is temporarily filed in the Reserve Course Materials Collection.</marc:subfield>
        </marc:datafield>
        <marc:datafield tag="546" ind1=" " ind2=" ">
            <marc:subfield code="a">In English.</marc:subfield>
        </marc:datafield>
        <marc:datafield tag="650" ind1=" " ind2="0">
            <marc:subfield code="a">Topographic maps.</marc:subfield>
        </marc:datafield>
        <marc:datafield tag="651" ind1=" " ind2="0">
            <marc:subfield code="a">Barnegat Light Quadrangle (N.J.)</marc:subfield>
            <marc:subfield code="v">Maps.</marc:subfield>
        </marc:datafield>
        <marc:datafield tag="651" ind1=" " ind2="7">
            <marc:subfield code="a">U.S.--Barnegat Light Quad.</marc:subfield>
            <marc:subfield code="2">local</marc:subfield>
        </marc:datafield>
        <marc:datafield tag="651" ind1=" " ind2="7">
            <marc:subfield code="a">Barnegat Light.</marc:subfield>
            <marc:subfield code="2">local</marc:subfield>
        </marc:datafield>
        <marc:datafield tag="651" ind1=" " ind2="7">
            <marc:subfield code="a">U.S.--NJ--Ocean Co.</marc:subfield>
            <marc:subfield code="2">local</marc:subfield>
        </marc:datafield>
        <marc:datafield tag="852" ind1="8" ind2=" ">
            <marc:subfield code="b">scimc</marc:subfield>
            <marc:subfield code="h">G3811.C2.s24.U5G4 Barnegat Light</marc:subfield>
        </marc:datafield>
        <marc:datafield tag="856" ind1="4" ind2=" ">
            <marc:subfield code="u">http://gisserver.princeton.edu/map/147</marc:subfield>
        </marc:datafield>
    </marc:record>
    <marc:record type="Holdings">
        <marc:leader>00196nx  a22000851  4500</marc:leader>
        <marc:controlfield tag="001">6762874</marc:controlfield>
        <marc:controlfield tag="004">6844261</marc:controlfield>
        <marc:controlfield tag="005">20111001202139.0</marc:controlfield>
        <marc:controlfield tag="008">1110010u||||8|||4001uu|||0000000</marc:controlfield>
        <marc:datafield tag="852" ind1="8" ind2=" ">
            <marc:subfield code="b">scimc</marc:subfield>
            <marc:subfield code="h">G3811.C2.s24.U5G4 Barnegat Light</marc:subfield>
        </marc:datafield>
    </marc:record>
    <marc:record type="Holdings">
        <marc:leader>00182nx  a22000854  4500</marc:leader>
        <marc:controlfield tag="001">7315911</marc:controlfield>
        <marc:controlfield tag="004">6844261</marc:controlfield>
        <marc:controlfield tag="005">20130513143940.0</marc:controlfield>
        <marc:controlfield tag="008">1305134u    8   1001uu   0901128</marc:controlfield>
        <marc:datafield tag="852" ind1="8" ind2=" ">
            <marc:subfield code="b">elf1</marc:subfield>
            <marc:subfield code="h">Electronic Resource</marc:subfield>
        </marc:datafield>
    </marc:record>
</marc:collection>
